@electronic{qznc-tutorial,
    author= "Andreas Zwinkau", 
    title= "Philosophy - Pragmatic D Tutorial", 
    url= "http://qznc.github.io/d-tut/philosophy.html [Accessed: Nov. 21, 2015]"
}

@book{ddili-book,
    author= "Ali Cehreli", 
    title= "Programming in D", 
    year= "2015",
    isbn= {9780692529577}, 
    publisher= "IngramSpark",
    url= {ddili.org/ders/d.en/Programming\_in\_D.pdf [Accessed: Nov. 21, 2015}
}

@electronic{dlang-overview,
    author= "Digital Mars", 
    year= "2015", 
    title= "Overview", 
    url= {http://dlang.org/overview.html [Accessed: Nov. 21, 2015]}
}

@electronic{safe-d, 
    author= "Bartosz Milewski", 
    year= "2015", 
    title= "SafeD", 
    url= "http://dlang.org/safed.html [Accessed: Nov. 21, 2015]"
}

@electronic{dlang-github-mutex, 
    author= "Digital Mars", 
    year= "2015", 
    title= "mutex.d", 
    url= "https://github.com/D-Programming-Language/druntime/blob/master/src/core/sync/mutex.d [Accessed: Nov. 21, 2015]"
}

@electronic{dlang-github-concurrency, 
    author= "Digital Mars", 
    year= "2015", 
    title= "concurrency.d", 
    url= "https://github.com/D-Programming-Language/phobos/blob/master/std/concurrency.d [Accessed: Nov. 21, 2015]"
}

@electronic{migrate-to-shared, 
    author= "Walter Bright", 
    year= "2009", 
    title= "Migrating to Shared", 
    url= "http://dlang.org/migrate-to-shared.html [Accessed: Nov. 21, 2015]"
}

@electronic{core-atomic, 
    author= "Digital Mars", 
    year= "2015", 
    title= "core.atomic", 
    url= "http://dlang.org/phobos/core\_atomic.html [Accessed: Nov. 21, 2015]"
}

@electronic{dlang-garbage, 
    author= "Digital Mars", 
    year= "2015", 
    title= "Garbage Collection", 
    url= "http://dlang.org/garbage.html [Accessed: Nov. 21, 2015]"
}

@book{real-time-systems, 
    author = {Burns, Alan and Wellings, A. J.},
    title = {Real-time Systems and Their Programming Languages, 4th ed.},
    year = {2009},
    isbn = {978-0-321-41745-9},
    publisher = {Addison-Wesley Longman Publishing Co., Inc.},
    address = {Boston, MA, USA},
}

@book{gehani1989concurrent,
    title={The Concurrent C Programming Language},
    author={Gehani, N. and Roome, W.D. and AT \& T Bell Laboratories},
    isbn={9780929306001},
    lccn={88028829},
    url={https://books.google.co.uk/books?id=ZDRBv8U\_bJ0C},
    year={1989},
    publisher={Silicon Press}
}
@book{mall2009real,
    title={Real-Time Systems: Theory and Practice},
    author={Mall, R.},
    isbn={9788131700693},
    url={https://books.google.co.uk/books?id=coPT7vaEjFsC},
    year={2009},
    publisher={Pearson Education}
}
@article{atc-article,
    title={A Comparison of the Asynchronous Transfer of Control Features in Ada and the Real-Time Specification for Java},
    author={Brosgol, A. and Wellings, A.},
    journal={Reliable Software Technologies -- Ada-Europe 2003: 8th Ada-Europe International Conference on Reliable Software Technologies, Toulouse, France, June 16-20, 2003, Proceedings},
    year={2003},
    publisher={Springer Berlin Heidelberg},
    url={https://books.google.co.uk/books?id=pD9sCQAAQBAJ [Accessed: Nov. 21, 2015]}
    isbn={9783540449478},
}
@electronic{core-thread,
    title={Thread}, 
    author={Digital Mars}, 
    year={2015},
    url={http://dlang.org/phobos/core\_thread.html [Accessed: Nov. 21, 2015]}
}
@electronic{github-core-thread, 
    title={Thread.d},
    author={Digital Mars}, 
    year={2015}, 
    url={https://github.com/D-Programming-Language/druntime/blob/master/src/core/thread.d [Accessed: Nov. 21, 2015]}
}
@electronic{rt-wiki,
    title={Real-Time Linux Wiki}, 
    year={2015}, 
    url={https://rt.wiki.kernel.org/index.php/Main\_Page [Accessed: Nov. 21, 2015]}
}
@electronic{rt-wiki-how-to, 
    title={How to: Build an RT application}, 
    year={2015}, 
    url={https://rt.wiki.kernel.org/index.php/HOWTO:\_Build\_an\_RT-application [Accessed: Nov. 21, 2015]}
}
@electronic{dlang-core-time, 
    title={Time}, 
    author={Digital Mars}, 
    year={2015}, 
    url={dlang.org/phobos/core\_time.html [Accessed: Nov. 21, 2015]}
}
@electronic{clock-nanosleep, 
    title={Clock\_nanosleep, Linux Programmer's Manual},
    year= {2015}, 
    url={http://man7.org/linux/man-pages/man2/clock\_nanosleep.2.html [Accessed: Nov. 21, 2015]}
}
@electronic{sched-setscheduler, 
    title={sched\_setscheduler - Linux man page}, 
    year={2015}, 
    url={http://linux.die.net/man/2/sched\_setscheduler [Accessed: Nov. 21, 2015]}
}
@electronic{mutex-setprotocol, 
    title={pthread\_mutexattr\_setprotocol - Linux man page}, 
    year={2015}, 
    url={http://linux.die.net/man/3/pthread\_mutexattr\_setprotocol [Accessed: Nov. 21, 2015]}
}
@electronic{unwinding-stack, 
    title={Unwinding The Stack}, 
    autor={c2.com}, 
    year={2006}
    url={http://c2.com/cgi/wiki?UnwindingTheStack [Accessed: Nov. 21, 2015]}
}


